@article{MVAKernels,
  author    = {Mairal and Vert},
  title     = {Machine Learning with Kernel Methods},
  year      = {2018},
}

@article{Xu2004KernelsBO,
  title={Kernels based on weighted Levenshtein distance},
  author={Xu and Zhang},
  journal={IEEE International Joint Conference on Neural Networks},
  year={2004},
}

@article{article,
author = {Saigo and Vert and Ueda and Akutsu},
year = {2004},
month = {08},
title = {Protein Homology Detection Using String Alignment Kernels},
journal = {Bioinformatics},
}

@article{rakotomamonjy:hal-00218338,
  TITLE = {{SimpleMKL}},
  AUTHOR = {Rakotomamonjy and Bach and Canu and Grandvalet},
  JOURNAL = {{Journal of Machine Learning Research}},
  PUBLISHER = {{Journal of Machine Learning Research}},
  YEAR = {2008},
  KEYWORDS = {Support Vector Machines ; Kernel methods ; Multiple Kernel Learning},
}

@INPROCEEDINGS{Leslie_w.s.:mismatch,
    author = {Leslie and Weston and Eskin and Stafford Noble},
    title = {Mismatch string kernels for SVM protein classification},
    booktitle = {NIPS},
    year = {2004},
}


@article{Tsuda,
author = {Tsuda and Kin and Asai},
year = {2002},
title = {Marginalized kernels for biological sequences},
journal = {Bioinformatics},
}

